@article{inc,
  author = {Jasmine D. Adkins},
  title = {The Lifesaver},
  url = {https://www.inc.com/30under30/holmes.html},
  journal={Inc.},
  publisher={Inc.},
  date = {2006-06-22},
}

@article{Auletta_2014,
  title={Blood, simpler},
  url={https://www.newyorker.com/magazine/2014/12/15/blood-simpler},
  journal={The New Yorker},
  publisher={The New Yorker},
  author={Ken Auletta},
  year={2014},
  month={Dec}
} 

@online {forbes,
  author = {Forbes},
  title = {Elizabeth Holmes},
  url = {https://www.forbes.com/profile/elizabeth-holmes/},
  organization = {Forbes},
  date = {2016-06-01}
}

@article{wsj,
  author = {John Carreyrou and Michael Siconolfi and Christopher Weaver and Rolfe Winkler},
  title = {Testing Theranos},
  journal={The Wall Street Journal},
  publisher={The Wall Street Journal},
  date = {2015},
}

@article{nyt,
  author = {Randall Stross},
  title = {Donâ€™t Blame Silicon Valley for Theranos},
  url = {https://www.nytimes.com/2016/04/27/opinion/dont-blame-silicon-valley-for-theranos.html},
  journal={The New York Times},
  publisher={The New York Times},
  year = {2016},
  month = {April},
  day = {27},
}

@online{theranos,
  author = {Theranos},
  title = {Theranos},
  url = {https://www.theranos.com/},
  organization = {Theranos},
  date = {2018}
}

@video{holmes,
  author = {Elizabeth Holmes},
  title = {CHM Revolutionaries: Theranos Founder \& CEO Elizabeth Holmes in
  Conversation with Michael Krasny},
  url = {https://www.youtube.com/watch?v=LeA7rCvoyhU},
  organization = {TEDMED},
  year = {2014},
  month = {Dec},
  day = {9},
}

@article{fortune,
  author = {Roger Parloff},
  title = {How Theranos Misled Me},
  url = {https://fortune.com/2015/12/17/how-theranos-misled-me-elizabeth-holmes/},
  journal={Fortune},
  publisher={Fortune},
  date = {2016-06-12},
}

@misc{ama,
  author = {American Medical Association},
  title = {Ethics},
  url = {https://www.ama-assn.org/delivering-care/ethics},
  organization = {American Medical Association},
  date = {2016-06-01},
}

@misc{clpmag,
  author = {American Society for Clinical Laboratory Science},
  title = {ASCP Weighs in on Theranos Decision to Void Test Results},
  url = {https://clpmag.com/uncategorized/ascp-weighs-theranos-decision-void-test-results/},
  organization = {American Society for Clinical Laboratory Science},
  date = {2016-06-01},
}

@misc{ascp,
  author = {American Society for Clinical Pathology},
  title = {Theranos To Dissolve Amid Fraud Scandal},
  url = {https://www.ascp.org/content/news/industry-news/2018/09/05/Theranos-To-Dissolve-Amid-Fraud-Scandal-},
  organization = {American Society for Clinical Pathology},
  date = {2018-09-05},
}

@article{wp,
  author = {Carolyn Y. Johnson},
  title = {Theranos Chief Executive Elizabeth Holmes Charged With Massive Fraud},
  url = {https://www.washingtonpost.com/news/wonk/wp/2018/03/14/theranos-chief-executive-elizabeth-holmes-charged-with-massive-fraud/},
  journal={The Washington Post},
  publisher={The Washington Post},
  date = {2018-03-14},
}
