@book{zill2017diff,
  title={Differential Equations with Boundary-value Problems},
  author={Zill, D.G.},
  isbn={9781337559881},
  lccn={2016936076},
  url={https://books.google.com.eg/books?id=apFMAQAACAAJ},
  year={2017},
  publisher={Cengage Learning}
}

@book{burden1993numerical,
  title={Numerical Analysis},
  author={Burden, R.L. and Faires, J.D.},
  isbn={9780534932213},
  lccn={92032192},
  series={Mathematics Series},
  url={https://books.google.com.eg/books?id=AWLuAQAACAAJ},
  year={1993},
  publisher={PWS-Kent Publishing Company}
}
