@book{lilly_2016_pathophysiology,
  author = {Lilly, Leonard S and Harvard Medical School},
  publisher = {Wolters Kluwer},
  title = {Pathophysiology of heart disease : a collaborative project of medical students and faculty},
  year = {2016}
}

@online{clevelandclinic_2019_electrocardiogram,
  author = {Cleveland Clinic},
  title = {Electrocardiogram (EKG) | Cleveland Clinic},
  url = {https://my.clevelandclinic.org/health/diagnostics/16953-electrocardiogram-ekg},
  year = {2019},
  urldate = {2024-05-19},
  organization = {Cleveland Clinic}
}

@thesis{hglinger_2016_ecg,
  author = {HÃ¶glinger, Markus},
  month = {11},
  pages = {10-21},
  title = {ECG Preprocessing},
  url = {https://www.jku.at/fileadmin/gruppen/183/Docs/Finished_Theses/BachelorThesis-HglingerMarkus1155848Final.pdf},
  urldate = {2024-05-19},
  year = {2016}
}

@article{marchon2019efficient,
  author={Marchon, Niyan},
  booktitle={TENCON 2019 - 2019 IEEE Region 10 Conference (TENCON)}, 
  title={Efficient FIR Filters for Biomedical Signals}, 
  year={2019},
  volume={},
  number={},
  pages={1947-1951},
  keywords={Finite impulse response filters;Band-pass filters;Passband;IIR filters;Maximum likelihood detection;Nonlinear filters;finite impulse response;band pass filter;abdominal ECG;maternal heart rate},
  doi={10.1109/TENCON.2019.8929397}
}

@book{gacek_2012_ecg,
  author = {Gacek, Adam and Witold Pedrycz},
  publisher = {Springer London},
  title = {ECG Signal Processing, Classification and Interpretation : a Comprehensive Framework of Computational Intelligence},
  year = {2012}
}
