@online{lab6_manual,
  author = {University of Michigan},
  title = {Lab6 Manual},
  url = {https://www.eecs.umich.edu/courses/eecs206/archive/spring02/lab.dir/Lab6/lab6_v3_0_release.pdf},
  year = {2002},
}

@article{pawar2014design,
  author = {Pawar, Ritesh and Mehra, Dr. Rajesh},
  year = {2014},
  month = {08},
  pages = {122-126},
  title = {Design and Performance Analysis of FIR Filter for Audio Applications},
  journal = {International Journal of Scientific Research and Technology}
}

@article{hossain2021review,
  author = {Hossain, Kamal and Ahmed, Roni and Haque, Asadul and Rahman, Muhammad},
  year = {2021},
  month = {03},
  pages = {09},
  title = {A Review of Digital FIR Filter Design in Communication Systems},
  volume = {10},
  journal = {International Journal of Science and Research (IJSR)},
  doi = {10.21275/SR21221133619}
}

@article{marchon2019efficient,
  author={Marchon, Niyan},
  booktitle={TENCON 2019 - 2019 IEEE Region 10 Conference (TENCON)}, 
  title={Efficient FIR Filters for Biomedical Signals}, 
  year={2019},
  volume={},
  number={},
  pages={1947-1951},
  keywords={Finite impulse response filters;Band-pass filters;Passband;IIR filters;Maximum likelihood detection;Nonlinear filters;finite impulse response;band pass filter;abdominal ECG;maternal heart rate},
  doi={10.1109/TENCON.2019.8929397}
}

@online{ goldberger2000physiobank,
  author = {Goldberger, A. and Amaral, L. and Glass, L. and Hausdorff, J. and Ivanov, P. C. and Mark, R. and Stanley, H. E.},
  title = {PhysioBank, PhysioToolkit, and PhysioNet: Components of a new research resource for complex physiologic signals},
  url = {https://physionet.org/content/physiobank/1.0.0/},
  year = {2000},
}
