@book{walpole2016,
    author = {Walpole, Ronald E. and Myers, Raymond H. and Myers, Sharon L. and Ye, Keying},
    title = {Probability and Statistics for Engineers and Scientists},
    edition = {9},
    year = {2016},
    publisher = {Pearson},
    % Add more info here if available (ISBN, etc.)
}

@book{lathi2009,
    author = {Lathi, B. P.},
    title = {Modern Digital and Analog Communication Systems},
    edition = {4},
    year = {2009},
    publisher = {Oxford University Press},
    % Add more info here if available (ISBN, etc.)
}


@book{papoulis2002,
    author = {Papoulis, Athanasios},
    title = {Probability, Random Variables and Stochastic Processes},
    edition = {4},
    year = {2002},
    publisher = {McGraw-Hill},
    % Add more info here if available (ISBN, etc.)
}

@article{numpy2020,
    author = {Harris, Charles R. and Millman, K. Jarrod and van der Walt, S. J. and Gommers, Ralf and Virtanen, Pauli and others},
    title = {Array programming with {NumPy}},
    journal = {Nature},
    volume = {585},
    number = {7825},
    pages = {357--362},
    year = {2020},
    doi = {10.1038/s41586-020-2649-2}
}

@article{scipy2020,
    author = {Virtanen, Pauli and Gommers, Ralf and Oliphant, Travis E. and Haberland, Matt and Reddy, Tyler and others},
    title = {{SciPy} 1.0: fundamental algorithms for scientific computing in {Python}},
    journal = {Nature Methods},
    volume = {17},
    pages = {261--272},
    year = {2020},
    doi = {10.1038/s41592-019-0686-2}
}

@book{matplotlib2023,
    author = {Hunter, John D. and Dale, Darren and Firing, Eric and Droettboom, Michael},
    title = {Matplotlib: A 2D Graphics Environment},
    publisher = {Matplotlib Development Team},
    year = {2023},
    url = {https://matplotlib.org/stable/index.html}
}
 @article{pyqt2023,
 author = {Riverbank Computing Limited},
 title = {PyQt6 Documentation},
 journal = {PyQt Documentation},
 year = {2023},
 url = {https://www.riverbankcomputing.com/static/Docs/PyQt6/index.html},
 }
  @article{sympy2017,
    author = {Meurer, Aaron and Smith, Christopher P. and Paprocki, Mateusz and Čertík, Ondřej and others},
    title = {{SymPy}: symbolic computing in {Python}},
    journal = {PeerJ Computer Science},
    volume = {3},
    pages = {e103},
    year = {2017},
    doi = {10.7717/peerj-cs.103}
}
