@book{stein,
  author    = {E. M. Stein and R. Shakarchi},
  title     = {{Princeton Lectures in Analysis}},
  volume    = {1},
  series    = {4 Vols.},
  publisher = {Princeton University Press},
  year      = {2003},
  address   = {Princeton, NJ}
}

@book{anton,
  author    = {H. Anton and C. Rorres},
  title     = {{Elementary Linear Algebra with Supplemental Applications}},
  publisher = {TPB},
  year      = {2011},
  address   = {Johanneshov},
}

@software{gandhi,
  author = {Ansh Gandhi and Fnu Kalkin and Krrish Kainth},
  title = {{Equilibrium Temperature Project}},
  year = {2022},
  month = {April},
  day = {5},
  url = {https://github.com/anshgandhi4/equilibrium_temperature_project},
  accessdate = {2023-12-30},
}

@video{matlab,
  author = {Kishan Vaghela},
  title = {{MATLAB code for 2-D steady state heat conduction with adiabatic wall boundary condition.}},
  year = {2022},
  month = {June},
  day = {19},
  url = {https://www.youtube.com/watch?v=YRcSv8Ybvb8},
  accessdate = {2023-12-30},
}

